% Lägg till källor här.
% Byggscriptet gör automatiskt en källförteckning och
% inkluderar bara källor som har citerats i själva texten

% Exempel
@article{
    % Internt namn på referensen, ex. \cite{knuth:1984}
    knuth:1984,
    title={Literate Programming},
    author={Donald E. Knuth},
    journal={The Computer Journal},
    volume={27},
    number={2},
    pages={97--111},
    year={1984},
    publisher={Oxford University Press}
}

@misc{styrning,
    author       = {Tullverket},
    title        = {Styrning och uppfölning},
    howpublished = {\url{https://www.tullverket.se/styrningochuppfoljning.4.7df61c5915510cfe9e7ee9d.html}},
    note         = {Senast uppdaterad 2024-06-28, besökt 2024-11-16}
}

@misc{verksamhet,
    author       = {Tullverket},
    title        = {Verksamhet},
    howpublished = {\url{https://www.tullverket.se/verksamhet.4.153f8c8c16ffad23c2215fd.html}},
    note         = {Senast uppdaterad 2023-06-01, besökt 2024-11-15}
}

@misc{wikipedia,
    author       = {Wikipedia},
    title        = {Tullverket},
    howpublished = {\url{https://sv.wikipedia.org/wiki/Tullverket}},
    note         = {Senast uppdaterad 2024-10-10, besökt 2024-11-15}
}

@misc{rattfylleri,
    author       = {Tullverket},
    title        = {Rattfyllerikontroller – insatser för ökad vägtrafiknykterhet},
    howpublished = {\url{https://www.tullverket.se/omoss/dethargortullverket/verksamhetoch-organisation/verksamhet/tullverketskakontrolleravaruflodet/rattfyllerikontrollerinsatserforokadvagtrafiknykterhet.4.7df-61c5915510cfe9e7ffc7.html}},
    note         = {Senast uppdaterad 2023-05-24, besökt 2024-11-16}
}

@misc{forordning,
    author       = {Sveriges riksdag},
    title        = {Förordning (2016:1332) med instruktion för Tullverket},
    howpublished = {\url{https://www.riksdagen.se/sv/dokument-och-lagar/dokument/svensk-forfattningssamling/forordning-20161332-med-instruktion-for_sfs-2016-1332/}},
    note         = {Utfärdad 2016-12-22, besökt 2024-11-16}
}

@misc{tull,
    author       = {Tullverket},
    title        = {Tullverket ska ta ut tull},
    howpublished = {\url{https://www.tullverket.se/tullverketskatauttull.4.7df61c5915510cfe9e7ee3a.html}},
    note         = {Senast uppdaterad 2023-05-24, besökt 2024-11-16}
}

@misc{varuflodet,
    author       = {Tullverket},
    title        = {Tullverket ska kontrollera varuflödet},
    howpublished = {\url{https://www.tullverket.se/tullverketskakontrolleravaruflodet.4.7df61c5915510cfe9e7ee46.html}},
    note         = {Senast uppdaterad 2024-08-15, besökt 2024-11-16}
}

@misc{kontroller,
    author       = {Tullverket},
    title        = {Kontroller på uppdrag av andra},
    howpublished = {\url{https://www.tullverket.se/kontrollerpauppdragavandra.4.226de36015804b8cf352e.html}},
    note         = {Senast uppdaterad 2023-05-24, besökt 2024-11-16}
}

@misc{beslag,
    author       = {Tullverket},
    title        = {Beslag eller omhändertagande},
    howpublished = {\url{https://www.tullverket.se/omoss/dethargortullverket/verksamhetochorganisation/verksamhet/beslagelleromhandertagande.4.7df61c5915510cfe9e7feeb.html}},
    note         = {Senast uppdaterad 2023-05-24, besökt 2024-11-16}
}

@misc{sokhundar,
    author       = {Tullverket},
    title        = {Tullverkets sökhundar},
    howpublished = {\url{https://www.tullverket.se/tull-verketskakontrolleravaruflodet/tullverketssokhundar.4.7df61c-5915510cfe9e7ffdf.html}},
    note         = {Senast uppdaterad 2023-08-23, besökt 2024-11-16}
}

@misc{visitation,
    author       = {Tullverket},
    title        = {Kontroller på och av kroppen},
    howpublished = {\url{http://www.tullverket.se/omoss/dethargortullverket/verksamhetochorganisation/verksamhet/kontrollerpaochavkroppen.4.7df61c5915510cfe9e7ff5f.html}},
    note         = {Senast uppdaterad 2024-11-13, besökt 2024-11-16}
}

@misc{vision,
    author       = {Tullverket},
    title        = {Vision},
    howpublished = {\url{https://www.tullverket.se/vision.4.7df61c5915-510cfe9e7ee2c.html}},
    note         = {Senast uppdaterad 2020-07-31, besökt 2024-11-17}
}

@misc{statistik,
    author       = {Tullverket},
    title        = {Beslagsstatistik},
    howpublished = {\url{https://www.tullverket.se/omoss/dethargortullverket/beslagsstatistik.4.226de36015804b8cf353949.html}},
    note         = {Senast uppdaterad 2024-10-03, besökt 2024-11-17}
}

@misc{krisinformation,
    author       = {Krisinformation.se},
    title        = {Tullverket},
    howpublished = {\url{https://www.krisinformation.se/detta-gor-samhallet/mer-om-sveriges-krishanteringssystem/samhallets-ansvar/tio-beredskapssektorer/tullverket}},
    note         = {Senast uppdaterad 2023-10-10, besökt 2024-11-17}
}

@misc{kustbevakningen,
    author       = {Kustbevakningen},
    title        = {Tullkontroll},
    howpublished = {\url{https://www.kustbevakningen.se/var-verksamhet/sjoovervakning/tullkontroll/}},
    note         = {Besökt 2024-11-17}
}

@techreport{granskning,
  title          = {Tullverkets kontroll – en träffsäker verksamhet?},
  author         = {Riksrevisionen},
  institution    = {Riksrevisionen},
  year           = {2019},
  number         = {RIR 2019:12},
  url            = {https://www.riks-revisionen.se/rapporter/granskningsrapporter/2019/tullverkets-kontroll---en-traffsaker-verksamhet.html},
}

@misc{historik,
    author       = {Tullverket},
    title        = {Tullverkets historia},
    howpublished = {\url{https://museum.tullverket.se/temautstallningar/tullverketshistoria.4.44a6a1ff14dad48234fb016.html}},
    note         = {Besökt 2024-11-17}
}
